% This file was created with JabRef 2.3.1.
% Encoding: UTF8

@BOOK{Jay2003,
  title = {Snort 2.0 Intrusion Detection},
  publisher = {mitp},
  year = {2003},
  author = {Jay Beale and Anne Carasik and Aidan Carty and Scott Dentler and
	Adam M. Doxtater and Wally Eaton and Jeremy Faircloth and James C.
	Foster and Vitaly Osipov},
  address = {Bonn},
  edition = {1.},
  abstract = {\[Installation, Regelkonfiguration; Anpassung an das Netzwerk, Systemoptimierung;
	auf CD: Snort 2.0, Barnyard, Swatch, ACID\] / Syngress. \"{Ü}bers.
	aus dem Amerikan. von MediaMate. - 1. Aufl. - Bonn: mitp, 2003. -
	521 S.; 24 cm + 1 CD-ROM},
  language = {ngerman}
}

@MANUAL{WeaverGermond1994,
  title = {The SPARC Architecture Manual - Version 9},
  author = {David L. Weaver, Tom Germond},
  organization = {SPARC International, Inc},
  edition = {9},
  year = {1994},
  language = {english},
  url = {www.sparc.org/standards/SPARCV9.pdf}
}

@MANUAL{DenisSheahan2007,
  title = {Developing And Tuning Applications On UltraSPARC T1 Chip Multithreading
	Systems},
  author = {Denis Sheahan, UltraSPARC T1 Architecture GroupBluePrints ONLINE},
  organization = {Sun},
  month = {10},
  year = {2007},
  key = {Part No 819-5144-12},
  language = {english},
  url = {http://www.sun.com/blueprints/1205/819-5144.pdf}
}

@BOOK{Visual_Csharp_2005,
  title = {Visual CSharp 2005},
  publisher = {Addison-Wesley},
  year = {2006},
  author = {Frank Eller},
  edition = {1.},
  language = {ngerman}
}

@UNPUBLISHED{GPL1991,
  author = {{Free Software Foundation, Inc.}},
  title = {GNU General Public License},
  month = {06},
  year = {1991},
  language = {english},
  timestamp = {2009.05.12},
  url = {http://www.gnu.org/licenses/gpl-2.0.html}
}

@UNPUBLISHED{Gelas2005,
  author = {Johan De Gelas},
  title = {SUN's UltraSparc T1 - the Next Generation Server CPUs},
  year = {2005},
  language = {english},
  url = {http://www.anandtech.com/cpuchipsets/showdoc.aspx?i=2657}
}

@UNPUBLISHED{AufgabenstellungLang,
  author = {Hans Werner Lang},
  title = {Aufgabenstellung: Algorithmen Hausarbeit WS07},
  year = {2007},
  language = {ngerman},
  url = {http://www.inf.fh-flensburg.de/lang/veranst/alg/ha07.htm}
}

@BOOK{Algorithmen_in_Java,
  title = {Algorithmen in Java},
  publisher = {Oldenbourg},
  year = {2006},
  author = {Hans Werner Lang},
  edition = {2.},
  language = {ngerman}
}

@BOOK{Papula2006,
  title = {Mathematische Formelsammlung f\"{u}r Ingenieure und Naturwissenschaftler},
  publisher = {Viewegs Fachb\"{u}cher der Technik},
  year = {2006},
  author = {Lothar Papula},
  volume = {9.},
  language = {ngerman}
}

@ARTICLE{PoonachaKongetira2005,
  author = {Poonacha Kongetira, Kathirgamar Aingaran, Kunle Olukotun},
  title = {Niagara: A 32-Way Multithreaded SPARC Processor},
  journal = {IEEE Micro},
  year = {2005},
  pages = {21-29},
  month = {04},
  language = {english}
}

@MANUAL{SnortFAQ,
  title = {The Snort FAQ},
  author = {Marty Roesch and others},
  language = {english}
}

@BOOK{Algorithmen_in_C++,
  title = {Algorithmen in C++},
  publisher = {Addison-Wesley},
  year = {1992},
  author = {Robert Sedgewick},
  edition = {1.},
  language = {ngerman}
}

@UNPUBLISHED{NST,
  author = {{networksecuritytoolkit.org}},
  title = {{NST}},
  note = {2009-07-12},
  timestamp = {visited 2009.07.12},
  language = {english},
  url = {http://www.networksecuritytoolkit.org/}
}

@UNPUBLISHED{SecurityOnion,
  author = {Doug Burks},
  title = {{Security Onion}},
  note = {2009-07-12},
  timestamp = {visited 2009.07.12},
  language = {english},
  url = {http://securityonion.blogspot.com/}
}

@UNPUBLISHED{Snort,
  author = {{Sourcefire, Inc.}},
  title = {Snort.org},
  note = {2009-05-15},
  timestamp = {visited 2009.05.15},
  language = {english},
  url = {http://www.snort.org/}
}

@UNPUBLISHED{SunMicrosystems2008,
  author = {Sun Microsystems, Inc},
  title = {OpenSPARC T1 Portal},
  year = {2008},
  language = {english},
  url = {http://www.opensparc.net/opensparc-t1/index.html}
}

@MANUAL{SunMicrosystems2007,
  title = {SPARC Enterprise T1000-Server - \"{U}berblick},
  author = {Sun Microsystems, Inc},
  month = {May},
  year = {2007},
  note = {Handbuch-Code: C120-E380-01DE; Teile-Nr. 875-4136-10},
  language = {ngerman},
  url = {www.sun.com}
}

@MANUAL{SunMicrosystems2006,
  title = {OpenSPARC T1 Microarchitecture Specification},
  author = {Sun Microsystems, Inc},
  month = {Aug.},
  year = {2006},
  note = {Revision A, Part No. 819-6650-10},
  language = {english},
  url = {www.sun.com}
}

@MANUAL{Manual2009,
  title = {Snort Users Manual},
  author = {{The Snort Project}},
  organization = {Sourcefire, Inc.},
  edition = {2.8.4},
  month = {03},
  year = {2009},
  language = {english}
}

@BOOK{Taschenbuch_der_Informatik,
  title = {Taschenbuch der Informatik},
  publisher = {Carl Hanser Verlag München},
  year = {2007},
  author = {Uwe Schneider(Hrsg.), Dieter Werner(Hrsg.)},
  edition = {6.},
  language = {ngerman}
}

@BOOK{Wolfe2004,
  title = {Snort for Dummies},
  publisher = {Wiley Publishing, Inc.},
  year = {2004},
  author = {Charlie Scott and Paul Wolfe and Bert Hayes},
  address = {Indianapolis, Indiana},
  language = {english}
}

